
@article{etacheri_challenges_2011,
	title = {Challenges in the development of advanced {Li}-ion batteries: a review},
	volume = {4},
	shorttitle = {Challenges in the development of advanced {Li}-ion batteries},
	url = {https://pubs.rsc.org/en/content/articlelanding/2011/ee/c1ee01598b},
	doi = {10.1039/C1EE01598B},
	language = {en},
	number = {9},
	urldate = {2018-07-18},
	journal = {Energy \& Environmental Science},
	author = {Etacheri, Vinodkumar and Marom, Rotem and Elazari, Ran and Salitra, Gregory and Aurbach, Doron},
	year = {2011},
	pages = {3243--3262},
	annote = {ragone plot, Lithium batteries in EV},
	file = {Full Text PDF:/home/qstoyel/.zotero/zotero/pst4ta8w.default/zotero/storage/I52ETA8S/Etacheri et al. - 2011 - Challenges in the development of advanced Li-ion b.pdf:application/pdf;Snapshot:/home/qstoyel/.zotero/zotero/pst4ta8w.default/zotero/storage/I3SIJ4NK/c1ee01598b.html:text/html}
}
